@misc{hanif_2017, 
title={Sekilas Tentang Docker}, 
url={https://hanifmu.com/posts/sekilas-tentang-docker/}, 
journal={hanifmu.com}, 
author={Hanif, Muhammad}, 
year={2017}, 
month={Jun},
note = "Accessed: 2022-04-28"
} 


@misc{docker_documentation_2022, 
title={Install Docker Desktop on windows}, 
url={https://docs.docker.com/desktop/windows/install/}, 
journal={Docker Documentation}, 
year={2022}, 
month={Apr},
note = {"Accessed: 2022-04-28"}} 